<?xml version="1.0" encoding="UTF-8"?>
  <record xmlns="http://www.loc.gov/MARC21/slim" type="Authority">
    <leader>00000nz  a2200000nc 4500</leader>
    <controlfield tag="001">118648837</controlfield>
    <controlfield tag="003">DE-101</controlfield>
    <controlfield tag="005">20220604085345.0</controlfield>
    <controlfield tag="008">880701n||azznnaabn           | aaa    |c</controlfield>
    <datafield tag="024" ind1="7" ind2=" ">
      <subfield code="a">118648837</subfield>
      <subfield code="0">http://d-nb.info/gnd/118648837</subfield>
      <subfield code="2">gnd</subfield>
    </datafield>
    <datafield tag="035" ind1=" " ind2=" ">
      <subfield code="a">(DE-101)118648837</subfield>
    </datafield>
    <datafield tag="035" ind1=" " ind2=" ">
      <subfield code="a">(DE-588)118648837</subfield>
    </datafield>
    <datafield tag="035" ind1=" " ind2=" ">
      <subfield code="z">(DE-588)1089885040</subfield>
    </datafield>
    <datafield tag="035" ind1=" " ind2=" ">
      <subfield code="z">(DE-588)1089718934</subfield>
    </datafield>
    <datafield tag="035" ind1=" " ind2=" ">
      <subfield code="z">(DE-588)1089147724</subfield>
    </datafield>
    <datafield tag="035" ind1=" " ind2=" ">
      <subfield code="z">(DE-588)17412192X</subfield>
    </datafield>
    <datafield tag="035" ind1=" " ind2=" ">
      <subfield code="z">(DE-588a)17412192X</subfield>
      <subfield code="9">v:zg</subfield>
    </datafield>
    <datafield tag="035" ind1=" " ind2=" ">
      <subfield code="z">(DE-588)171949978</subfield>
    </datafield>
    <datafield tag="035" ind1=" " ind2=" ">
      <subfield code="z">(DE-588a)171949978</subfield>
      <subfield code="9">v:zg</subfield>
    </datafield>
    <datafield tag="035" ind1=" " ind2=" ">
      <subfield code="z">(DE-588)174055447</subfield>
    </datafield>
    <datafield tag="035" ind1=" " ind2=" ">
      <subfield code="z">(DE-588a)174055447</subfield>
      <subfield code="9">v:zg</subfield>
    </datafield>
    <datafield tag="035" ind1=" " ind2=" ">
      <subfield code="z">(DE-588a)118648837</subfield>
      <subfield code="9">v:zg</subfield>
    </datafield>
    <datafield tag="035" ind1=" " ind2=" ">
      <subfield code="z">(DE-588c)4085697-5</subfield>
      <subfield code="9">v:zg</subfield>
    </datafield>
    <datafield tag="040" ind1=" " ind2=" ">
      <subfield code="a">DE-101</subfield>
      <subfield code="c">DE-101</subfield>
      <subfield code="9">r:DE-101</subfield>
      <subfield code="b">ger</subfield>
      <subfield code="d">1210</subfield>
    </datafield>
    <datafield tag="042" ind1=" " ind2=" ">
      <subfield code="a">gnd1</subfield>
    </datafield>
    <datafield tag="043" ind1=" " ind2=" ">
      <subfield code="c">XS</subfield>
    </datafield>
    <datafield tag="065" ind1=" " ind2=" ">
      <subfield code="a">4.7p</subfield>
      <subfield code="2">sswd</subfield>
    </datafield>
    <datafield tag="075" ind1=" " ind2=" ">
      <subfield code="b">p</subfield>
      <subfield code="2">gndgen</subfield>
    </datafield>
    <datafield tag="075" ind1=" " ind2=" ">
      <subfield code="b">piz</subfield>
      <subfield code="2">gndspec</subfield>
    </datafield>
    <datafield tag="079" ind1=" " ind2=" ">
      <subfield code="a">g</subfield>
      <subfield code="q">a</subfield>
      <subfield code="q">f</subfield>
      <subfield code="q">n</subfield>
      <subfield code="q">s</subfield>
      <subfield code="u">v</subfield>
      <subfield code="u">o</subfield>
      <subfield code="u">w</subfield>
    </datafield>
    <datafield tag="100" ind1="0" ind2=" ">
      <subfield code="a">Ammonius</subfield>
      <subfield code="c">Hermiae</subfield>
      <subfield code="d">ca. 435/445–517/526</subfield>
    </datafield>
    <datafield tag="375" ind1=" " ind2=" ">
      <subfield code="a">1</subfield>
      <subfield code="2">iso5218</subfield>
    </datafield>
    <datafield tag="400" ind1="0" ind2=" ">
      <subfield code="a">Pseudo-Ammonios</subfield>
      <subfield code="d">ca. 435/445–517/526</subfield>
    </datafield>
    <datafield tag="400" ind1="0" ind2=" ">
      <subfield code="a">Pseudo-Ammonius</subfield>
      <subfield code="d">ca. 435/445–517/526</subfield>
    </datafield>
    <datafield tag="400" ind1="0" ind2=" ">
      <subfield code="a">Ammonios</subfield>
      <subfield code="d">ca. 435/445–517/526</subfield>
    </datafield>
    <datafield tag="400" ind1="1" ind2=" ">
      <subfield code="a">Hermiae, Ammonius</subfield>
      <subfield code="d">ca. 435/445–517/526</subfield>
    </datafield>
    <datafield tag="400" ind1="0" ind2=" ">
      <subfield code="a">Ammonius</subfield>
      <subfield code="c">Hermias</subfield>
      <subfield code="d">ca. 435/445–517/526</subfield>
    </datafield>
    <datafield tag="400" ind1="0" ind2=" ">
      <subfield code="a">Ammonius</subfield>
      <subfield code="c">Alexandrinus</subfield>
      <subfield code="d">ca. 435/445–517/526</subfield>
    </datafield>
    <datafield tag="400" ind1="0" ind2=" ">
      <subfield code="a">Ammonius</subfield>
      <subfield code="c">Iunior</subfield>
      <subfield code="d">ca. 435/445–517/526</subfield>
    </datafield>
    <datafield tag="400" ind1="0" ind2=" ">
      <subfield code="a">Hermeion</subfield>
      <subfield code="c">Alexandrinus</subfield>
      <subfield code="d">ca. 435/445–517/526</subfield>
    </datafield>
    <datafield tag="400" ind1="1" ind2=" ">
      <subfield code="a">Ammonius, Hermias</subfield>
      <subfield code="d">ca. 435/445–517/526</subfield>
    </datafield>
    <datafield tag="400" ind1="1" ind2=" ">
      <subfield code="a">Hermias, Ammonius</subfield>
      <subfield code="d">ca. 435/445–517/526</subfield>
    </datafield>
    <datafield tag="400" ind1="0" ind2=" ">
      <subfield code="a">Amonio</subfield>
      <subfield code="c">Ermisi</subfield>
      <subfield code="d">ca. 435/445–517/526</subfield>
    </datafield>
    <datafield tag="400" ind1="0" ind2=" ">
      <subfield code="a">Ammonij</subfield>
      <subfield code="c">Syn Germija</subfield>
      <subfield code="d">ca. 435/445–517/526</subfield>
    </datafield>
    <datafield tag="400" ind1="0" ind2=" ">
      <subfield code="a">Ammonios</subfield>
      <subfield code="c">Exeget</subfield>
      <subfield code="d">ca. 435/445–517/526</subfield>
    </datafield>
    <datafield tag="400" ind1="0" ind2=" ">
      <subfield code="a">Ammonius</subfield>
      <subfield code="d">ca. 435/445–517/526</subfield>
    </datafield>
    <datafield tag="400" ind1="0" ind2=" ">
      <subfield code="a">Ammonius</subfield>
      <subfield code="c">Hermeae</subfield>
      <subfield code="d">ca. 435/445–517/526</subfield>
    </datafield>
    <datafield tag="400" ind1="1" ind2=" ">
      <subfield code="a">Hermeae, Ammonius</subfield>
      <subfield code="d">ca. 435/445–517/526</subfield>
    </datafield>
    <datafield tag="400" ind1="0" ind2=" ">
      <subfield code="a">Ammonius</subfield>
      <subfield code="c">Hermea</subfield>
      <subfield code="d">ca. 435/445–517/526</subfield>
    </datafield>
    <datafield tag="400" ind1="1" ind2=" ">
      <subfield code="a">Hermea, Ammonius</subfield>
      <subfield code="d">ca. 435/445–517/526</subfield>
    </datafield>
    <datafield tag="400" ind1="0" ind2=" ">
      <subfield code="a">Ammonios</subfield>
      <subfield code="c">d'Hermeias</subfield>
      <subfield code="d">ca. 435/445–517/526</subfield>
    </datafield>
    <datafield tag="400" ind1="0" ind2=" ">
      <subfield code="a">Ammonios</subfield>
      <subfield code="c">Hermeiu</subfield>
      <subfield code="d">ca. 435/445–517/526</subfield>
    </datafield>
    <datafield tag="400" ind1="0" ind2=" ">
      <subfield code="a">Ammonius</subfield>
      <subfield code="c">Hermeiou</subfield>
      <subfield code="d">ca. 435/445–517/526</subfield>
    </datafield>
    <datafield tag="400" ind1="0" ind2=" ">
      <subfield code="a">Ammonius</subfield>
      <subfield code="c">Philosophus</subfield>
      <subfield code="d">ca. 435/445–517/526</subfield>
    </datafield>
    <datafield tag="400" ind1="0" ind2=" ">
      <subfield code="a">Ammonios</subfield>
      <subfield code="c">Sohn des Hermeias</subfield>
      <subfield code="d">ca. 435/445–517/526</subfield>
    </datafield>
    <datafield tag="400" ind1="0" ind2=" ">
      <subfield code="a">Ammonios</subfield>
      <subfield code="c">Platoniker</subfield>
      <subfield code="d">ca. 435/445–517/526</subfield>
    </datafield>
    <datafield tag="400" ind1="0" ind2=" ">
      <subfield code="a">Ammonios</subfield>
      <subfield code="c">Neuplatoniker</subfield>
      <subfield code="d">ca. 435/445–517/526</subfield>
    </datafield>
    <datafield tag="400" ind1="0" ind2=" ">
      <subfield code="a">Ammonius</subfield>
      <subfield code="c">Neoplatonicus</subfield>
      <subfield code="d">ca. 435/445–517/526</subfield>
    </datafield>
    <datafield tag="400" ind1="0" ind2=" ">
      <subfield code="a">Ammonio di Alessandria</subfield>
      <subfield code="d">ca. 435/445–517/526</subfield>
    </datafield>
    <datafield tag="400" ind1="0" ind2=" ">
      <subfield code="a">Ammonio</subfield>
      <subfield code="c">Filosopho Platonico</subfield>
      <subfield code="d">ca. 435/445–517/526</subfield>
    </datafield>
    <datafield tag="400" ind1="0" ind2=" ">
      <subfield code="a">Amonios</subfield>
      <subfield code="c">Ermisis</subfield>
      <subfield code="d">ca. 435/445–517/526</subfield>
    </datafield>
    <datafield tag="400" ind1="0" ind2=" ">
      <subfield code="a">Ammonij</subfield>
      <subfield code="c">syn Germija</subfield>
      <subfield code="d">ca. 435/445–517/526</subfield>
    </datafield>
    <datafield tag="400" ind1="1" ind2=" ">
      <subfield code="a">Hermeus, Ammonius</subfield>
      <subfield code="d">ca. 435/445–517/526</subfield>
    </datafield>
    <datafield tag="400" ind1="1" ind2=" ">
      <subfield code="a">Hermeas, Ammonius</subfield>
      <subfield code="d">ca. 435/445–517/526</subfield>
    </datafield>
    <datafield tag="548" ind1=" " ind2=" ">
      <subfield code="a">ca. 435/445–517/526</subfield>
      <subfield code="4">datl</subfield>
      <subfield code="4">https://d-nb.info/standards/elementset/gnd#associatedDate</subfield>
      <subfield code="w">r</subfield>
      <subfield code="i">Lebensdaten</subfield>
    </datafield>
    <datafield tag="667" ind1=" " ind2=" ">
      <subfield code="a">12-PMA</subfield>
    </datafield>
    <datafield tag="667" ind1=" " ind2=" ">
      <subfield code="a">12</subfield>
    </datafield>
    <datafield tag="667" ind1=" " ind2=" ">
      <subfield code="a">7</subfield>
    </datafield>
    <datafield tag="667" ind1=" " ind2=" ">
      <subfield code="a">VD-17</subfield>
    </datafield>
    <datafield tag="670" ind1=" " ind2=" ">
      <subfield code="a">Tusculum-Lexikon; CSGL</subfield>
    </datafield>
    <datafield tag="670" ind1=" " ind2=" ">
      <subfield code="a">CSGL</subfield>
    </datafield>
    <datafield tag="670" ind1=" " ind2=" ">
      <subfield code="a">M</subfield>
    </datafield>
    <datafield tag="672" ind1=" " ind2="0">
      <subfield code="a">Ammonius &lt;Hermiae&gt;: De fato</subfield>
      <subfield code="f">1824</subfield>
    </datafield>
    <datafield tag="672" ind1=" " ind2="0">
      <subfield code="a">Ammonius &lt;Hermiae&gt;: Commentaria in librum Peri Hermenias</subfield>
      <subfield code="f">1503</subfield>
    </datafield>
    <datafield tag="672" ind1=" " ind2="0">
      <subfield code="a">Ammonius &lt;Hermiae&gt;: In Porphyrii Institutionem</subfield>
      <subfield code="f">1569</subfield>
    </datafield>
    <datafield tag="672" ind1=" " ind2="0">
      <subfield code="a">Alexander &lt;Aphrodisiensis&gt;: De Fato quae supersunt</subfield>
      <subfield code="f">1824</subfield>
    </datafield>
    <datafield tag="672" ind1=" " ind2="0">
      <subfield code="a">Ammonius &lt;Hermiae&gt;: Vita Aristotelis</subfield>
      <subfield code="f">1666</subfield>
    </datafield>
    <datafield tag="672" ind1=" " ind2="0">
      <subfield code="a">Ammonius &lt;Hermiae&gt;: Eis tas tu Aristotelus hypomnēma</subfield>
      <subfield code="f">1546</subfield>
    </datafield>
    <datafield tag="672" ind1=" " ind2="0">
      <subfield code="a">Ammonius &lt;Hermiae&gt;: Hypomnēma eis to peri Hermēneias Aristotelus</subfield>
      <subfield code="f">1503</subfield>
    </datafield>
    <datafield tag="672" ind1=" " ind2="0">
      <subfield code="a">Ammonius &lt;Hermiae&gt;: Vita Aristotelis</subfield>
      <subfield code="f">1584</subfield>
    </datafield>
    <datafield tag="672" ind1=" " ind2="0">
      <subfield code="a">Ammonius &lt;Hermiae&gt;: Vita Aristotelis</subfield>
      <subfield code="f">1791</subfield>
    </datafield>
    <datafield tag="672" ind1=" " ind2="0">
      <subfield code="a">Ammonius &lt;Hermiae&gt;: Vita Aristotelis</subfield>
      <subfield code="f">1593</subfield>
    </datafield>
    <datafield tag="678" ind1=" " ind2=" ">
      <subfield code="a">Internet</subfield>
      <subfield code="b">Griech. Philosoph</subfield>
      <subfield code="u">http://plato.stanford.edu/entries/ammonius/</subfield>
    </datafield>
    <datafield tag="913" ind1=" " ind2=" ">
      <subfield code="S">pnd</subfield>
      <subfield code="i">5</subfield>
      <subfield code="a">Ammonius &lt;Hermiae&gt;</subfield>
      <subfield code="0">(DE-588a)118648837</subfield>
    </datafield>
    <datafield tag="913" ind1=" " ind2=" ">
      <subfield code="S">pnd</subfield>
      <subfield code="i">5</subfield>
      <subfield code="a">Ammonios &lt;Hermeiu&gt;</subfield>
      <subfield code="0">(DE-588a)118648837</subfield>
    </datafield>
    <datafield tag="913" ind1=" " ind2=" ">
      <subfield code="S">pnd</subfield>
      <subfield code="i">5</subfield>
      <subfield code="a">Ammonius &lt;Hermiae&gt;</subfield>
      <subfield code="0">(DE-588a)174055447</subfield>
    </datafield>
    <datafield tag="913" ind1=" " ind2=" ">
      <subfield code="S">pnd</subfield>
      <subfield code="i">5</subfield>
      <subfield code="a">Ammonius &lt;Hermiae&gt;</subfield>
      <subfield code="0">(DE-588a)171949978</subfield>
    </datafield>
    <datafield tag="913" ind1=" " ind2=" ">
      <subfield code="S">pnd</subfield>
      <subfield code="i">5</subfield>
      <subfield code="a">Ammonius &lt;Hermiae&gt;</subfield>
      <subfield code="0">(DE-588a)17412192X</subfield>
    </datafield>
  </record>
